@book{koza92,
		author    = "Koza, John R.",
		title     = "Genetic Programming: On the Programming of Computers by Means of Natural Selection",
		publisher = "MIT Press",
		year      = "1992"
}


@misc{ wiki:latex,
       author = "Wikipedia",
       title = "LaTeX --- Wikipedia{,} {La enciclopedia libre}",
       year = "2015",
       url = "https://es.wikipedia.org/w/index.php?title=LaTeX&oldid=84209252",
       note = "[Internet; descargado 30-septiembre-2015]"
}


@article{bortolot2005,
  title={Estimating forest biomass using small footprint LiDAR data: An individual tree-based approach that incorporates training data},
  author={Bortolot, Zachary J and Wynne, Randolph H},
  journal={ISPRS Journal of Photogrammetry and Remote Sensing},
  volume={59},
  number={6},
  pages={342--360},
  year={2005},
  publisher={Elsevier}
}

@misc{ scikitlearn,
       author = "scikit-learn",
       title = "Documentación Scikit-Learn",
       year = "2017",
       url = "http://scikit-learn.org/stable/tutorial/basic/tutorial.html",
       note = "[Online]"
}

@misc{ wiki:scikitlearn,
       author = "Wikipedia",
       title = "Documentación Scikit-Learn",
       year = "2017",
       url = "https://en.wikipedia.org/w/index.php?title=Scikit-learn&oldid=817245419",
       note = "[Online]"
}

@misc{ datamining,
       author = "sinnexus",
       title = "Minería de datos",
       year = "2016",
       url = "http://www.sinnexus.com/business_intelligence/datamining.aspx",
       note = "[Online]"
}

@misc{ wiki:datamining,
       author = "Wikipedia",
       title = "Minería de datos",
       year = "2017",
       url = "https://es.wikipedia.org/w/index.php?title=Miner%C3%ADa_de_datos&oldid=102214612",
       note = "[Online]"
}

@misc{ github,
       author = "genbetadev",
       title = "GitHub",
       year = "2011",
       url = "https://www.genbetadev.com/sistemas-de-control-de-versiones/conociendo-github-el-servicio-donde-alojar-tus-repositorios-git-como-el-nuestro",
       note = "[Online]"
}

@misc{ spyder,
       author = "pythonhosted",
       title = "Spyder",
       year = "2017",
       url = "https://pythonhosted.org/spyder/",
       note = "[Online]"
}

@misc{ latex,
       author = "latex-project",
       title = "LaTeX",
       year = "2017",
       url = "https://www.latex-project.org/about/",
       note = "[Online]"
}

@misc{ ensemble,
       author = "scikit-learn",
       title = "Ensemble",
       year = "2017",
       url = "http://scikit-learn.org/stable/modules/ensemble.html",
       note = "[Online]"
}

@misc{ multilabel,
       author = "researchgate",
       title = "Multi-Label",
       year = "2014",
       url = "https://www.researchgate.net/publication/313818761_Clasificacion_multi-etiquetas_basada_en_reglas_de_asociacion_de_clases",
       note = "[Online]"
}

@misc{ jupyter,
       author = "jupyter",
       title = "Jupyter-Notebook",
       year = "2017",
       url = "http://jupyter.org/",
       note = "[Online]"
}