
@book{koza92,
		author    = "Koza, John R.",
		title     = "Genetic Programming: On the Programming of Computers by Means of Natural Selection",
		publisher = "MIT Press",
		year      = "1992"
}


@misc{ wiki:latex,
       author = "Wikipedia",
       title = "LaTeX --- Wikipedia{,} La enciclopedia libre",
       year = "2015",
       url = "https://es.wikipedia.org/w/index.php?title=LaTeX&oldid=84209252",
       note = "[Internet; descargado 7-enero-2018]"
}

@misc{ comment,
       author = "Guido van Rossum, Barry Warsaw, Nick Coghlan",
       title = "Guia para comentar c√≥digo python",
       year = "2013",
       url = "https://www.python.org/dev/peps/pep-0008/#comments",
       note = "[Online]"
}

@article{scikitlearn,
 title={Scikit-learn: Machine Learning in {P}ython},
 author={Pedregosa, F. and Varoquaux, G. and Gramfort, A. and Michel, V.
         and Thirion, B. and Grisel, O. and Blondel, M. and Prettenhofer, P.
         and Weiss, R. and Dubourg, V. and Vanderplas, J. and Passos, A. and
         Cournapeau, D. and Brucher, M. and Perrot, M. and Duchesnay, E.},
 journal={Journal of Machine Learning Research},
 volume={12},
 pages={2825--2830},
 year={2011}
}

@inproceedings{disturbingneighbors,
  title={Disturbing Neighbors Ensembles for Linear SVM.},
  author={Maudes, Jes{\'u}s and Rodr{\'\i}guez, Juan Jos{\'e} and Garc{\'\i}a-Osorio, C{\'e}sar Ignacio},
  booktitle={MCS},
  pages={191--200},
  year={2009},
  organization={Springer}
}

@article{randomoracles,
  title={Na{\"\i}ve Bayes ensembles with a random oracle},
  author={Rodr{\'\i}guez, Juan and Kuncheva, Ludmila},
  journal={Multiple Classifier Systems},
  pages={450--458},
  year={2007},
  publisher={Springer}
}

@article{rotationforest,
  title={Rotation forest: A new classifier ensemble method},
  author={Rodriguez, Juan Jos{\'e} and Kuncheva, Ludmila I and Alonso, Carlos J},
  journal={IEEE transactions on pattern analysis and machine intelligence},
  volume={28},
  number={10},
  pages={1619--1630},
  year={2006},
  publisher={IEEE}
}