@misc{wiki:latex,
       author = "Wikipedia",
       title = "LaTeX --- Wikipedia{,} {La enciclopedia libre}",
       year = "2015",
       note = {\url{https://es.wikipedia.org/w/index.php?title=LaTeX&oldid=84209252}}
}

@misc{pep,
       author = "Guido van Rossum, Barry Warsaw, Nick Coghlan",
       title = "Style Guide for Python Code",
       year = "2013",
       note = {\url{https://www.python.org/dev/peps/pep-0008/}}
}

@article{scikitlearn,
 title={Scikit-learn: Machine Learning in {P}ython},
 author={Pedregosa, F. and Varoquaux, G. and Gramfort, A. and Michel, V.
         and Thirion, B. and Grisel, O. and Blondel, M. and Prettenhofer, P.
         and Weiss, R. and Dubourg, V. and Vanderplas, J. and Passos, A. and
         Cournapeau, D. and Brucher, M. and Perrot, M. and Duchesnay, E.},
 journal={Journal of Machine Learning Research},
 volume={12},
 pages={2825--2830},
 year={2011}
}

@misc{scikitlearn2,
    author = " Andrés González",
    title = "Conceptos básicos de Machine Learning",
    year = "2015",
    note = {\url{http://cleverdata.io/conceptos-basicos-machine-learning/}}
  }
  
@book{mineria_KDD,
  title={Data mining: concepts and techniques},
  author={Han, Jiawei and Pei, Jian and Kamber, Micheline},
  year={2011},
  publisher={Elsevier}
}

@article{mineria,
  title={Mineria de datos: Conceptos y tendencias},
  author={Riquelme Santos, Jos{\'e} Crist{\'o}bal and Ruiz, Roberto and Gilbert, Karina},
  journal={Inteligencia artificial: Revista Iberoamericana de Inteligencia Artificial},
  volume={10},
  number={29},
  pages={11--18},
  year={2006},
  publisher={IBERAMIA: Sociedad Iberoamericana de Inteligencia Artificial}
}

@misc{ datamining,
       author = "sinnexus",
       title = "Minería de datos",
       year = "2016",
       note = {\url{http://www.sinnexus.com/business_intelligence/datamining.aspx}}
}

@misc{ wiki:datamining,
       author = "Wikipedia",
       title = "Minería de datos --- Wikipedia{,} La enciclopedia libre",
       year = "2017",
       note = {\url{https://es.wikipedia.org/w/index.php?title=Miner%C3%ADa_de_datos&oldid=102214612}}
}

@misc{ github,
       author = "Carlos Paramio",
       title = "GitHub",
       year = "2011",
       note = {\url{https://www.genbetadev.com/sistemas-de-control-de-versiones/conociendo-github-el-servicio-donde-alojar-tus-repositorios-git-como-el-nuestro}}
}

@misc{ spyder,
       author = "pythonhosted",
       title = "Spyder",
       year = "2017",
       note = {\url{https://pythonhosted.org/spyder/}}
}

@misc{ latex,
       author = "latex-project",
       title = "LaTeX",
       year = "2017",
       note = {\url{https://www.latex-project.org/about/}}
}

@misc{ ensemble,
       author = "scikit-learn",
       title = "Ensemble",
       year = "2017",
       note = {\url{http://scikit-learn.org/stable/modules/ensemble.html}}
}

@article{multilabel,
  title={Clasificaci{\'o}n multi-etiquetas basada en reglas de asociaci{\'o}n de clases},
  author={P{\'e}rez, Julio Antonio Hern{\'a}ndez and Le{\'o}n, Raudel Hern{\'a}ndez and Autor, Tercer C}
}

@incollection{multilabel2,
  title={Mining multi-label data},
  author={Tsoumakas, Grigorios and Katakis, Ioannis and Vlahavas, Ioannis},
  booktitle={Data mining and knowledge discovery handbook},
  pages={667--685},
  year={2009},
  publisher={Springer}
}

@misc{ jupyter,
       author = "jupyter",
       title = "Jupyter-Notebook",
       year = "2017",
       note = {\url{http://jupyter.org/}}
}

@inproceedings{disturbingneighbors,
  title={Disturbing Neighbors Ensembles for Linear SVM.},
  author={Maudes, Jes{\'u}s and Rodr{\'\i}guez, Juan Jos{\'e} and Garc{\'\i}a-Osorio, C{\'e}sar Ignacio},
  booktitle={MCS},
  pages={191--200},
  year={2009},
  organization={Springer}
}

@article{randomoracles,
  title={Na{\"\i}ve Bayes ensembles with a random oracle},
  author={Rodr{\'\i}guez, Juan and Kuncheva, Ludmila},
  journal={Multiple Classifier Systems},
  pages={450--458},
  year={2007},
  publisher={Springer}
}

@article{rotationforest,
  title={Rotation forest: A new classifier ensemble method},
  author={Rodriguez, Juan Jos{\'e} and Kuncheva, Ludmila I and Alonso, Carlos J},
  journal={IEEE transactions on pattern analysis and machine intelligence},
  volume={28},
  number={10},
  pages={1619--1630},
  year={2006},
  publisher={IEEE}
}

@misc{ wiki:sonarqube,
       author = "Wikipedia",
       title = "SonarQube --- Wikipedia{,} La enciclopedia libre",
       year = "2017",
       note = {\url{https://es.wikipedia.org/w/index.php?title=SonarQube&oldid=98980020}}
}

@misc{ wiki:python,
       author = "Wikipedia",
       title = "Python --- Wikipedia{,} La enciclopedia libre",
       year = "2018",
       note = {\url{https://es.wikipedia.org/w/index.php?title=Python&oldid=105012532}}
}

@book{python,
  title={Python language reference manual},
  author={Van Rossum, Guido and Drake, Fred L},
  year={2003},
  publisher={Network Theory}
}

@article{bagging,
  title={Bagging predictors},
  author={Breiman, Leo},
  journal={Machine learning},
  volume={24},
  number={2},
  pages={123--140},
  year={1996},
  publisher={Springer}
}

@inproceedings{boosting,
  title={A desicion-theoretic generalization of on-line learning and an application to boosting},
  author={Freund, Yoav and Schapire, Robert E},
  booktitle={European conference on computational learning theory},
  pages={23--37},
  year={1995},
  organization={Springer}
}

@article{tensorflow,
  title={Tensorflow: Large-scale machine learning on heterogeneous distributed systems},
  author={Abadi, Mart{\'\i}n and Agarwal, Ashish and Barham, Paul and Brevdo, Eugene and Chen, Zhifeng and Citro, Craig and Corrado, Greg S and Davis, Andy and Dean, Jeffrey and Devin, Matthieu and others},
  journal={arXiv preprint arXiv:1603.04467},
  year={2016}
}

@misc{ libraries,
       author = "Nicole Chapaval",
       title = "Cuatro librerías de Machine Learning: TensorFlow, Scikit-learn, Pytorch y Keras",
       year = "2017",
       url = "",
       note = {\url{https://platzi.com/blog/librerias-de-machine-learning-tensorflow-scikit-learn-pythorch-y-keras/}}
}

@article {ensembleSVM,
  author  = {Marc Claesen and Frank De Smet and Johan A.K. Suykens and Bart De Moor},
  title   = {EnsembleSVM: A Library for Ensemble Learning Using Support Vector Machines},
  journal = {Journal of Machine Learning Research},
  year    = {2014},
  volume  = {15},
  pages   = {141-145},
  url     = {http://jmlr.org/papers/v15/claesen14a.html}
}

@misc{ wiki:pytorch,
    author = "Wikipedia contributors",
    title = "PyTorch --- Wikipedia{,} The Free Encyclopedia",
    year = "2017",
    note = {\url{https://en.wikipedia.org/w/index.php?title=PyTorch&oldid=817120667}}
  }

@article{meka,
 author = {Read, Jesse and Reutemann, Peter and Pfahringer, Bernhard and Holmes, Geoff},
 title = {MEKA: A Multi-label/Multi-target Extension to Weka},
  journal = {Journal of Machine Learning Research},
  year = {2016},
  volume = {17},
  number = {21},
  pages = {1--5},
  url = {http://jmlr.org/papers/v17/12-164.html} 
}

@book{weka,
  title={Data Mining: Practical machine learning tools and techniques},
  author={Witten, Ian H and Frank, Eibe and Hall, Mark A and Pal, Christopher J},
  year={2016},
  publisher={Morgan Kaufmann}
}
 
@article{keel,
  title={KEEL: A software tool to assess evolutionary algorithms to data mining problems (2012)},
  author={Alcal{\'a}-Fdez, J and S{\'a}nchez, L and Garc{\'\i}a, S},
  journal={URL http://www. keel. es}
}

@misc{ ensembleh2o,
    author = "Erin LeDell",
    title = "H2O Ensemble",
    year = "2017",
    note = {\url{https://github.com/h2oai/h2o-3/tree/master/h2o-r/ensemble}}
}
  
@article{randomsubspace,
  title={The random subspace method for constructing decision forests},
  author={Ho, Tin Kam},
  journal={IEEE transactions on pattern analysis and machine intelligence},
  volume={20},
  number={8},
  pages={832--844},
  year={1998},
  publisher={IEEE}
}

@article{mulan,
  author       = "Grigorios Tsoumakas and Eleftherios Spyromitros-Xioufis and Jozef Vilcek and Ioannis Vlahavas",
  title        = "Mulan: A Java Library for Multi-Label Learning",
  journal      = "Journal of Machine Learning Research",
  volume       = "12",
  year         = "2011",
  pages        = "2411--2414",
}

@article{scikit-multilearn,
  title={A scikit-based Python environment for performing multi-label classification},
  author={Szymanski, Piotr},
  journal={arXiv preprint arXiv:1702.01460},
  year={2017}
}

@article{mldr,
    author = {Francisco Charte and David Charte},
    title = {Working with Multilabel Datasets in {R}: The mldr
      Package},
    journal = {The R Journal},
    year = {2015},
    volume = {7},
    number = {2},
    pages = {149--162},
    month = {dec},
    note = {\url{http://journal.r-project.org/archive/2015-2/charte-charte.pdf}}
}
  

